@book{nielsen_chuang_2010, place={Cambridge}, title={Quantum Computation and Quantum Information: 10th Anniversary Edition}, DOI={10.1017/CBO9780511976667}, publisher={Cambridge University Press}, author={Nielsen, Michael A. and Chuang, Isaac L.}, year={2010}}
@article{PhysRevLett.110.167401,
  title = {Demonstration of Quantum Entanglement between a Single Electron Spin Confined to an InAs Quantum Dot and a Photon},
  author = {Schaibley, J. R. and Burgers, A. P. and McCracken, G. A. and Duan, L.-M. and Berman, P. R. and Steel, D. G. and Bracker, A. S. and Gammon, D. and Sham, L. J.},
  journal = {Phys. Rev. Lett.},
  volume = {110},
  issue = {16},
  pages = {167401},
  numpages = {5},
  year = {2013},
  month = {Apr},
  publisher = {American Physical Society},
  doi = {10.1103/PhysRevLett.110.167401},
  url = {https://link.aps.org/doi/10.1103/PhysRevLett.110.167401}
}
@article{gomez2019experimental,
  title={Experimental investigation of partially entangled states for device-independent randomness generation and self-testing protocols},
  author={G{\'o}mez, S and Mattar, A and Machuca, I and G{\'o}mez, ES and Cavalcanti, D and Far{\'\i}as, O Jim{\'e}nez and Ac{\'\i}n, A and Lima, G},
  journal={Physical Review A},
  volume={99},
  number={3},
  pages={032108},
  year={2019},
  publisher={APS}
}
@article{sharp2015translation,
  title={Translation of Ludwig Boltzmann’s Paper “On the Relationship between the Second Fundamental Theorem of the Mechanical Theory of Heat and Probability Calculations Regarding the Conditions for Thermal Equilibrium” Sitzungberichte der Kaiserlichen Akademie der Wissenschaften. Mathematisch-Naturwissen Classe. Abt. II, LXXVI 1877, pp 373-435 (Wien. Ber. 1877, 76: 373-435). Reprinted in Wiss. Abhandlungen, Vol. II, reprint 42, p. 164-223, Barth, Leipzig, 1909},
  author={Sharp, Kim and Matschinsky, Franz},
  journal={Entropy},
  volume={17},
  number={4},
  pages={1971--2009},
  year={2015},
  publisher={Multidisciplinary Digital Publishing Institute}
}
@article{shannon1948mathematical,
  title={A mathematical theory of communication},
  author={Shannon, Claude E},
  journal={The Bell system technical journal},
  volume={27},
  number={3},
  pages={379--423},
  year={1948},
  publisher={Nokia Bell Labs}
}
@book{von2018mathematical,
  title={Mathematical foundations of quantum mechanics: New edition},
  author={Von Neumann, John},
  year={2018},
  publisher={Princeton university press}
}
@article{nakamura1961note,
  title={A note on the entropy for operator algebras},
  author={Nakamura, Masahiro and Umegaki, Hisaharu},
  journal={Proceedings of the Japan Academy},
  volume={37},
  number={3},
  pages={149--154},
  year={1961},
  publisher={The Japan Academy}
}
@article{segal1960note,
  title={A note on the concept of entropy},
  author={Segal, IE},
  journal={Journal of Mathematics and Mechanics},
  pages={623--629},
  year={1960},
  publisher={JSTOR}
}
@article{kullback1951information,
  title={On information and sufficiency},
  author={Kullback, Solomon and Leibler, Richard A},
  journal={The annals of mathematical statistics},
  volume={22},
  number={1},
  pages={79--86},
  year={1951},
  publisher={JSTOR}
}
@inproceedings{umegaki1962conditional,
  title={Conditional expectation in an operator algebra, IV (entropy and information)},
  author={Umegaki, Hisaharu},
  booktitle={Kodai Mathematical Seminar Reports},
  volume={14},
  number={2},
  pages={59--85},
  year={1962},
  organization={Department of Mathematics, Tokyo Institute of Technology}
}
@article{cerf1997negative,
  title={Negative entropy and information in quantum mechanics},
  author={Cerf, Nicolas J and Adami, Chris},
  journal={Physical Review Letters},
  volume={79},
  number={26},
  pages={5194},
  year={1997},
  publisher={APS}
}
@book{holevo2012quantum,
  title={Quantum systems, channels, information: a mathematical introduction},
  author={Holevo, Alexander S},
  volume={16},
  year={2012},
  publisher={Walter de Gruyter}
}
@inproceedings{renyi1961measures,
  title={On measures of entropy and information},
  author={R{\'e}nyi, Alfr{\'e}d and others},
  booktitle={Proceedings of the Fourth Berkeley Symposium on Mathematical Statistics and Probability, Volume 1: Contributions to the Theory of Statistics},
  year={1961},
  organization={The Regents of the University of California}
}
@article{petz1986quasi,
  title={Quasi-entropies for finite quantum systems},
  author={Petz, D{\'e}nes},
  journal={Reports on mathematical physics},
  volume={23},
  number={1},
  pages={57--65},
  year={1986},
  publisher={Elsevier}
}
@article{tsallis2016,
  title={Tsallis entropy and general polygamy of multiparty quantum entanglement in arbitrary dimensions},
  author={San Kim, Jeong},
  journal={Physical Review A},
  volume={94},
  number={6},
  pages={062338},
  year={2016},
  publisher={APS}
}
@article{tsallis1998,
  title={Distributions and channel capacities in generalized statistical mechanics},
  author={Landsberg, Peter T and Vedral, Vlatko},
  journal={Physics Letters A},
  volume={247},
  number={3},
  pages={211--217},
  year={1998},
  publisher={Elsevier}
}
@article{tsallis1988original,
  title={Possible generalization of Boltzmann-Gibbs statistics},
  author={Tsallis, Constantino},
  journal={Journal of statistical physics},
  volume={52},
  number={1-2},
  pages={479--487},
  year={1988},
  publisher={Springer}
}
@article{tsallisquantum,
  title={Properties of q-entropies},
  author={Raggio, Guido A},
  journal={Journal of Mathematical Physics},
  volume={36},
  number={9},
  pages={4785--4791},
  year={1995},
  publisher={American Institute of Physics}
}
@article{hu2006generalized,
  title={Generalized quantum entropy},
  author={Hu, Xinhua and Ye, Zhongxing},
  journal={Journal of mathematical physics},
  volume={47},
  number={2},
  pages={023502},
  year={2006},
  publisher={American Institute of Physics}
}
@article{rathie1991unified,
  title={Unified (r, s)-entropy and its bivariate measures},
  author={Rathie, Pushpa N and Taneja, Inder Jeet},
  journal={Information sciences},
  volume={54},
  number={1-2},
  pages={23--39},
  year={1991},
  publisher={Elsevier}
}
@article{muller2013quantum,
  title={On quantum R{\'e}nyi entropies: A new generalization and some properties},
  author={M{\"u}ller-Lennert, Martin and Dupuis, Fr{\'e}d{\'e}ric and Szehr, Oleg and Fehr, Serge and Tomamichel, Marco},
  journal={Journal of Mathematical Physics},
  volume={54},
  number={12},
  pages={122203},
  year={2013},
  publisher={American Institute of Physics}
}
@book{susskind2005introduction,
  title={An introduction to black holes, information and the string theory revolution: The holographic universe},
  author={Susskind, Leonard and Lindesay, James},
  year={2005},
  publisher={World Scientific}
}
@article{tenphoton,
  title={Experimental ten-photon entanglement},
  author={Wang, Xi-Lin and Chen, Luo-Kan and Li, Wei and Huang, H-L and Liu, Chang and Chen, Chao and Luo, Y-H and Su, Z-E and Wu, Dian and Li, Z-D and others},
  journal={Physical review letters},
  volume={117},
  number={21},
  pages={210502},
  year={2016},
  publisher={APS}
}
@article{werner1989quantum,
  title={Quantum states with Einstein-Podolsky-Rosen correlations admitting a hidden-variable model},
  author={Werner, Reinhard F},
  journal={Physical Review A},
  volume={40},
  number={8},
  pages={4277},
  year={1989},
  publisher={APS}
}
@article{zhang2002experimental,
  title={Experimental preparation of the Werner state via spontaneous parametric down-conversion},
  author={Zhang, Yong-Sheng and Huang, Yun-Feng and Li, Chuan-Feng and Guo, Guang-Can},
  journal={Physical Review A},
  volume={66},
  number={6},
  pages={062315},
  year={2002},
  publisher={APS}
}
@article{cinelli2004parametric,
  title={Parametric source of two-photon states with a tunable degree of entanglement and mixing: Experimental preparation of Werner states and maximally entangled mixed states},
  author={Cinelli, C and Di Nepi, G and De Martini, F and Barbieri, M and Mataloni, P},
  journal={Physical Review A},
  volume={70},
  number={2},
  pages={022321},
  year={2004},
  publisher={APS}
}
@article{pittenger2000note,
  title={Note on separability of the Werner states in arbitrary dimensions},
  author={Pittenger, Arthur O and Rubin, Morton H},
  journal={Optics Communications},
  volume={179},
  number={1-6},
  pages={447--449},
  year={2000},
  publisher={Elsevier}
}
@article{l1996separability,
  title={Separability of mixed states: necessary and sufficient conditions},
  author={l Horodecki, Micha and l Horodecki, Pawe and Horodecki, Ryszard},
  journal={arXiv preprint quant-ph/9605038},
  year={1996},
  publisher={Citeseer}
}
@book{ballentine2014quantum,
  title={Quantum mechanics: a modern development},
  author={Ballentine, Leslie E},
  year={2014},
  publisher={World Scientific Publishing Company}
}
@article{nielsen2001separable,
  title={Separable states are more disordered globally than locally},
  author={Nielsen, Michael A and Kempe, Julia},
  journal={Physical Review Letters},
  volume={86},
  number={22},
  pages={5184},
  year={2001},
  publisher={APS}
}
@article{patro2017non,
  title={Non-negativity of conditional von Neumann entropy and global unitary operations},
  author={Patro, Subhasree and Chakrabarty, Indranil and Ganguly, Nirman},
  journal={Physical Review A},
  volume={96},
  number={6},
  pages={062102},
  year={2017},
  publisher={APS}
}
@article{vollbrecht2002conditional,
  title={Conditional entropies and their relation to entanglement criteria},
  author={Vollbrecht, Karl Gerd H and Wolf, Michael M},
  journal={Journal of Mathematical Physics},
  volume={43},
  number={9},
  pages={4299--4306},
  year={2002},
  publisher={American Institute of Physics}
}
@book{hall2013quantum,
  title={Quantum theory for mathematicians},
  author={Hall, Brian C},
  year={2013},
  publisher={Springer}
}
@book{wilde2013quantum,
  title={Quantum information theory},
  author={Wilde, Mark M},
  year={2013},
  publisher={Cambridge University Press}
}
@book{yosida1988functional,
  title={Functional analysis},
  author={Yosida, K{\^o}saku},
  volume={123},
  year={1988},
  publisher={springer}
}
@book{reed1980methods,
  title={Methods of modern mathematical physics. vol. 1. Functional analysis},
  author={Reed, Michael and Simon, Barry},
  year={1980},
  publisher={Academic New York}
}
@book{sternberg2019mathematical,
  title={A Mathematical Companion to Quantum Mechanics},
  author={Sternberg, Shlomo},
  year={2019},
  publisher={Courier Dover Publications}
}
@article{horodecki2009quantum,
  title={Quantum entanglement},
  author={Horodecki, Ryszard and Horodecki, Pawe{\l} and Horodecki, Micha{\l} and Horodecki, Karol},
  journal={Reviews of modern physics},
  volume={81},
  number={2},
  pages={865},
  year={2009},
  publisher={APS}
}
@article{islam2015measuring,
  title={Measuring entanglement entropy in a quantum many-body system},
  author={Islam, Rajibul and Ma, Ruichao and Preiss, Philipp M and Tai, M Eric and Lukin, Alexander and Rispoli, Matthew and Greiner, Markus},
  journal={Nature},
  volume={528},
  number={7580},
  pages={77--83},
  year={2015},
  publisher={Nature Publishing Group}
}
@article{de2020proposal,
  title={Proposal for a direct measurement of the von Neumann entropy and the relative entropy of coherence},
  author={de Lima Bernardo, Bert{\'u}lio},
  journal={Physica Scripta},
  volume={95},
  number={4},
  pages={045104},
  year={2020},
  publisher={IOP Publishing}
}
@article{cerf1997entropic,
  title={Entropic bell inequalities},
  author={Cerf, Nicolas J and Adami, Christoph},
  journal={Physical Review A},
  volume={55},
  number={5},
  pages={3371},
  year={1997},
  publisher={APS}
}
@article{abe2001nonadditive,
  title={Nonadditive conditional entropy and its significance for local realism},
  author={Abe, Sumiyoshi and Rajagopal, Attipat K},
  journal={Physica A: Statistical Mechanics and its Applications},
  volume={289},
  number={1-2},
  pages={157--164},
  year={2001},
  publisher={Elsevier}
}
@article{rossignoli2010generalized,
  title={Generalized entropic measures of quantum correlations},
  author={Rossignoli, R and Canosa, N and Ciliberti, L},
  journal={Physical Review A},
  volume={82},
  number={5},
  pages={052342},
  year={2010},
  publisher={APS}
}
@book{hayashi2016quantum,
  title={Quantum information theory},
  author={Hayashi, Masahito},
  year={2016},
  publisher={Springer}
}